@IEEEtranBSTCTL{bstctl:etal,
  CTLuse_forced_etal = {no},
}

@IEEEtranBSTCTL{bstctl:nodash,
  CTLdash_repeated_names = {no},
}

@IEEEtranBSTCTL{bstctl:simpurl,
  CTLname_url_prefix = {Available: },
}

%% Neural Netwok Algorithm

@article{basheer2000artificial,
  title={Artificial neural networks: fundamentals, computing, design, and application},
  author={Basheer, IA and Hajmeer, M},
  journal={Journal of microbiological methods},
  volume={43},
  number={1},
  pages={3--31},
  year={2000},
  publisher={Elsevier}
}

% Hopfield
@article{hopfield1984neurons,
  title={Neurons with graded response have collective computational properties like those of two-state neurons},
  author={Hopfield, John J},
  journal={Proceedings of the national academy of sciences},
  volume={81},
  number={10},
  pages={3088--3092},
  year={1984},
  publisher={National Acad Sciences}
}

% Cellular-NN
@article{chua1988cellular,
  title={Cellular neural networks: Applications},
  author={Chua, Leon O and Yang, Lin},
  journal={Circuits and Systems, IEEE Transactions on},
  volume={35},
  number={10},
  pages={1273--1290},
  year={1988},
  publisher={IEEE}
}
@book{chua2002cellular,
  title={Cellular neural networks and visual computing: foundations and applications},
  author={Chua, Leon O and Roska, Tamas},
  year={2002},
  publisher={Cambridge University Press}
}
@article{egmont2002image,
  title={Image processing with neural networksâ€”a review},
  author={Egmont-Petersen, Michael and de Ridder, Dick and Handels, Heinz},
  journal={Pattern recognition},
  volume={35},
  number={10},
  pages={2279--2301},
  year={2002},
  publisher={Elsevier}
}
% Convolutional


%% Neural Network Hardware
@article{misra2010artificial,
  title={Artificial neural networks in hardware: A survey of two decades of progress},
  author={Misra, Janardan and Saha, Indranil},
  journal={Neurocomputing},
  volume={74},
  number={1},
  pages={239--255},
  year={2010},
  publisher={Elsevier}
}





@book{lamport94,
    author    = "Leslie Lamport",
    title     = "{\LaTeX: A Document Preparation System}",
    year      = "1994",
    publisher = "Addison-Wesley",
    edition = "2nd",
    address   = "Reading, Massachusetts"
}

@book{goossens93,
    author    = "Michel Goossens and Frank Mittelbach and Alexander Samarin",
    title     = "The LaTeX Companion",
    year      = "1993",
    publisher = "Addison-Wesley",
    address   = "Reading, Massachusetts"
}

@misc{micro47,
    author = "Krisztian Flautner and others",
    title = "{MICRO'47 Conference Site}",
    year = "2014",
    url = "http://www.microarch.org/micro47/",
}
